<?xml version="1.0" encoding="utf-8"?>
<record xmlns="http://www.loc.gov/MARC21/slim" xmlns:xsi="http://www.w3.org/2001/XMLSchema-instance" xsi:schemaLocation="http://www.loc.gov/MARC21/slim http://www.loc.gov/standards/marcxml/schema/MARC21slim.xsd">
	<leader>
		02600nam a2200409   4500
	</leader>
	<controlfield tag="001">
		001496923
	</controlfield>
	<controlfield tag="003">
		NNU
	</controlfield>
	<controlfield tag="006">
		m        d        
	</controlfield>
	<controlfield tag="007">
		cr cn |||m|||a
	</controlfield>
	<controlfield tag="008">
		160105s1910    ua      o     000 0cara d
	</controlfield>
	<datafield ind1=" " ind2=" " tag="040">
		<subfield code="a">
			NNU
		</subfield>
		<subfield code="b">
			eng
		</subfield>
		<subfield code="c">
			NNU
		</subfield>
	</datafield>
	<datafield ind1=" " ind2=" " tag="066">
		<subfield code="c">
			(3
		</subfield>
	</datafield>
	<datafield ind1=" " ind2=" " tag="090">
		<subfield code="a">
			BP136.48
		</subfield>
		<subfield code="b">
			.I24 1910
		</subfield>
	</datafield>
	<datafield ind1="1" ind2=" " tag="100">
		<subfield code="6">
			880-01
		</subfield>
		<subfield code="a">
			Ibn Ḥajar al-ʻAsqalānī, Aḥmad ibn ʻAlī,
		</subfield>
		<subfield code="d">
			1372-1449.
		</subfield>
	</datafield>
	<datafield ind1="1" ind2="3" tag="245">
		<subfield code="6">
			880-02
		</subfield>
		<subfield code="a">
			al-Iṣabah fī tamyīz al-ṣaḥābah
		</subfield>
		<subfield code="h">
			[electronic resource] /
		</subfield>
		<subfield code="c">
			li-Shihāb al-Dīn Abī al-Faḍl Aḥmad bin ʻAlī al-ʻAsqalānī al-maʻrūf bi-Ibn Ḥajar ; Wa-bi-hāmishih kitāb al-Istīʻāb fī asmāʼ al-aṣḥāb / li-Abī ʻUmar Yūsuf bin ʻAbd Allāh bin Muḥammad bin ʻAbd al-Barr ; maʻa taḥqīq Ṭāhā Muḥammad al-Zaynī.
		</subfield>
	</datafield>
	<datafield ind1="1" ind2="3" tag="246">
		<subfield code="6">
			880-03
		</subfield>
		<subfield code="a">
			Istīʻāb fī asmāʼ al-ṣaḥāb
		</subfield>
	</datafield>
	<datafield ind1="1" ind2="3" tag="246">
		<subfield code="6">
			880-04
		</subfield>
		<subfield code="a">
			Kitāb al-Istīʻāb fī asmāʼ al-ṣaḥāb
		</subfield>
	</datafield>
	<datafield ind1=" " ind2=" " tag="250">
		<subfield code="6">
			880-05
		</subfield>
		<subfield code="a">
			al-Ṭabʻah 1.
		</subfield>
	</datafield>
	<datafield ind1=" " ind2=" " tag="260">
		<subfield code="6">
			880-06
		</subfield>
		<subfield code="a">
			[Cairo] :
		</subfield>
		<subfield code="b">
			Maṭbaʻat al-Saʻādah,
		</subfield>
		<subfield code="c">
			1328 [1910]
		</subfield>
	</datafield>
	<datafield ind1=" " ind2=" " tag="300">
		<subfield code="a">
			online resource (4 v.)
		</subfield>
	</datafield>
	<datafield ind1=" " ind2=" " tag="500">
		<subfield code="a">
			Part of the Arabic Collections Online (ACO) project, contributed by New York Univeristy Libraries.
		</subfield>
	</datafield>
	<datafield ind1=" " ind2=" " tag="533">
		<subfield code="a">
			Electronic reproduction.
		</subfield>
		<subfield code="b">
			New York, N.Y. :
		</subfield>
		<subfield code="c">
			New York University,
		</subfield>
		<subfield code="d">
			2016.
		</subfield>
		<subfield code="5">
			NNU
		</subfield>
	</datafield>
	<datafield ind1=" " ind2="0" tag="650">
		<subfield code="a">
			Hadith
		</subfield>
		<subfield code="x">
			Authorities
		</subfield>
		<subfield code="v">
			Early works to 1800.
		</subfield>
	</datafield>
	<datafield ind1="1" ind2=" " tag="700">
		<subfield code="6">
			880-07
		</subfield>
		<subfield code="a">
			Ibn ʻAbd al-Barr, Yūsuf ibn ʻAbd Allāh,
		</subfield>
		<subfield code="d">
			978 or 9-1071.
		</subfield>
	</datafield>
	<datafield ind1="2" ind2=" " tag="710">
		<subfield code="a">
			New York University.
		</subfield>
		<subfield code="b">
			Libraries.
		</subfield>
	</datafield>
	<datafield ind1="0" ind2=" " tag="730">
		<subfield code="a">
			Arabic Collections Online.
		</subfield>
	</datafield>
	<datafield ind1="0" ind2="8" tag="776">
		<subfield code="i">
			Print version:
		</subfield>
		<subfield code="a">
			Ibn Ḥajar al-ʻAsqalānī, Aḥmad ibn ʻAlī, 1372-1449.
		</subfield>
		<subfield code="t">
			al-Iṣabah fī tamyīz al-ṣaḥābah
		</subfield>
		<subfield code="w">
			(NNU)001496923
		</subfield>
	</datafield>
	<datafield ind1="4" ind2="0" tag="856">
		<subfield code="u">
			http://hdl.handle.net/2333.1/jsxksr4r
		</subfield>
	</datafield>
	<datafield ind1="1" ind2=" " tag="880">
		<subfield code="6">
			100-01/
		</subfield>
		<subfield code="a">
			ابن حجر العسقلاني، أحمد بن علي.
		</subfield>
	</datafield>
	<datafield ind1="1" ind2="2" tag="880">
		<subfield code="6">
			245-02/
		</subfield>
		<subfield code="a">
			الاصابة في تمييز الصحابة /
		</subfield>
		<subfield code="c">
			لشهاب الدين أبي الفضل أحمد بن علي العسقلاني المعروف بابن حجر. وبهامشه كتاب الاستيعاب في اسماز الاصحاب / لأبي عمر يوسف بن عبد الله بن محمد بن عبد البر ؛ مع تحقيق طه محمد الزيني.
		</subfield>
	</datafield>
	<datafield ind1="1" ind2="3" tag="880">
		<subfield code="6">
			246-03/
		</subfield>
		<subfield code="a">
			استيعاب في اسماء الاصحاب
		</subfield>
	</datafield>
	<datafield ind1="1" ind2="3" tag="880">
		<subfield code="6">
			246-04/
		</subfield>
		<subfield code="a">
			كتاب الاستيعاب في اسماء الاصحاب
		</subfield>
	</datafield>
	<datafield ind1=" " ind2=" " tag="880">
		<subfield code="6">
			250-05/
		</subfield>
		<subfield code="a">
			الطبعة ١.
		</subfield>
	</datafield>
	<datafield ind1=" " ind2=" " tag="880">
		<subfield code="6">
			260-06/
		</subfield>
		<subfield code="a">
			[Cairo] :
		</subfield>
		<subfield code="b">
			مطبعة السعادة،
		</subfield>
		<subfield code="c">
			١٣٢٨.
		</subfield>
	</datafield>
	<datafield ind1="1" ind2=" " tag="880">
		<subfield code="6">
			700-07/
		</subfield>
		<subfield code="a">
			ابن عبد البر، يوسف بن عبد الله.
		</subfield>
	</datafield>
	<datafield ind1=" " ind2=" " tag="959">
		<subfield code="a">
			NNU
		</subfield>
		<subfield code="b">
			WEB
		</subfield>
		<subfield code="c">
			GENI
		</subfield>
		<subfield code="t">
			0
		</subfield>
		<subfield code="m">
			Electronic access
		</subfield>
		<subfield code="s">
			01
		</subfield>
	</datafield>
	<datafield ind1=" " ind2=" " tag="999">
		<subfield code="i">
			NNU_001496923
		</subfield>
		<subfield code="s">
			nyu_aco001645:v.3
		</subfield>
		<subfield code="s">
			nyu_aco001646:v.4
		</subfield>
	</datafield>
</record>
